
@Book{Cruz2007,
  title     = {Fundamentos de robótica},
  publisher = {McGraw-Hill Interamericana de España S.L.},
  year      = {2007},
  author    = {Antonio Barrientos Cruz},
  isbn      = {9788448156367},
  url       = {https://www.amazon.com/Fundamentos-rob%C3%B3tica-Antonio-Barrientos-Cruz/dp/8448156366?SubscriptionId=AKIAIOBINVZYXZQZ2U3A&tag=chimbori05-20&linkCode=xm2&camp=2025&creative=165953&creativeASIN=8448156366},
}
