@misc{ Nobody06,
		author = "Barrientos",
		title = "Fundamentos de Robótica 2ª Ed",
		journal = "McGraw-Hill",
		year = "2006"}