% Encoding: UTF-8

@article{de2017ingenieria,
  title={INGENIER{\'I}A MECATR{\'O}NICA EN COMPETENCIAS PROFESIONALES},
  author={DE ROBOTS, ASIGNATURA DE CINEMATICA},
  year={2017}
}
@mastersthesis{granja2014modelacion,
  title={Modelaci{\'o}n y an{\'a}lisis de la cinem{\'a}tica directa e inversa del manipulador Stanford de seis grados de libertad},
  author={Granja Oramas, Mar{\'\i}a Victoria},
  type={{B.S.} thesis},
  year={2014},
  school={Quito, 2014.}
}
