@techreport{barrientos2007fundamentos,
  title={Fundamentos de rob{\'o}tica},
  author={Barrientos, Antonio},
  year={2007},
  institution={e-libro, Corp.}
}

