
@article{Nobody06,
  title={Aplicaci{\'o}n de la teor{\'\i}a de robots manipuladores a la biomec{\'a}nica del brazo humano1},
  author={Rodr{\'\i}guez, Carlos F and Botero, Juan C and Quintero, Hugo},
  journal={Revista Iberoamericana de Autom{\'a}tica e Inform{\'a}tica Industrial RIAI},
  volume={4},
  number={4},
  pages={51--57},
  year={2007},
  publisher={Elsevier}
}