% Encoding: UTF-8

@Book{Zamudio2015,
  title     = {Manipulador paralelo 3RRR},
  publisher = {UNAM},
  year      = {2015},
  author    = {Patricio Martinez Zamudio},
  editor    = {Patricio Martinez Zamudio},
}

@Comment{jabref-meta: databaseType:bibtex;}
